<record><leader>00000cas a2200000 a 4500</leader><controlfield tag="001">51521402</controlfield><controlfield tag="008">030127c19979999iluwr ne      0    0eng c</controlfield><datafield ind1=" " ind2=" " tag="010"><subfield code="a">sn2003060706</subfield></datafield><datafield ind1=" " ind2=" " tag="040"><subfield code="a">CVF</subfield><subfield code="b">eng</subfield><subfield code="c">CVF</subfield><subfield code="d">OCLCQ</subfield><subfield code="d">OCLCF</subfield><subfield code="d">OCLCO</subfield></datafield><datafield ind1="1" ind2=" " tag="029"><subfield code="a">AU@</subfield><subfield code="b">000024376197</subfield></datafield><datafield ind1=" " ind2=" " tag="042"><subfield code="a">pcc</subfield></datafield><datafield ind1=" " ind2=" " tag="043"><subfield code="a">n-us-il</subfield></datafield><datafield ind1="0" ind2=" " tag="130"><subfield code="a">Sun (Plainfield, Ill. : Homer Township, Lockport, Lemont ed.)</subfield></datafield><datafield ind1="1" ind2="4" tag="245"><subfield code="a">The sun.</subfield></datafield><datafield ind1=" " ind2=" " tag="250"><subfield code="a">Homer Township, Lockport, Lemont ed.</subfield></datafield><datafield ind1=" " ind2=" " tag="260"><subfield code="a">Plainfield, Ill. :</subfield><subfield code="b">Copley Press,</subfield><subfield code="c">1997-</subfield></datafield><datafield ind1=" " ind2=" " tag="300"><subfield code="a">v.</subfield></datafield><datafield ind1=" " ind2=" " tag="310"><subfield code="a">Weekly</subfield></datafield><datafield ind1="0" ind2=" " tag="362"><subfield code="a">Vol. 1, issue 1 (June 11, 1997)-</subfield></datafield><datafield ind1=" " ind2=" " tag="500"><subfield code="a">Also published in Naperville, Ill.</subfield></datafield><datafield ind1=" " ind2=" " tag="588"><subfield code="a">Latest issue consulted: Vol. 6, no. 20 (Jan. 15, 2003).</subfield></datafield><datafield ind1=" " ind2="0" tag="651"><subfield code="a">Homer (Ill. : Township)</subfield><subfield code="v">Newspapers.</subfield></datafield><datafield ind1=" " ind2="0" tag="651"><subfield code="a">Lockport (Ill.)</subfield><subfield code="v">Newspapers.</subfield></datafield><datafield ind1=" " ind2="0" tag="651"><subfield code="a">Lemont (Ill.)</subfield><subfield code="v">Newspapers.</subfield></datafield><datafield ind1=" " ind2="7" tag="655"><subfield code="a">Newspapers.</subfield><subfield code="2">fast</subfield><subfield code="0">(OCoLC)fst01423814</subfield></datafield><datafield ind1=" " ind2="7" tag="651"><subfield code="a">Illinois</subfield><subfield code="z">Homer (Township)</subfield><subfield code="2">fast</subfield><subfield code="0">(OCoLC)fst01335911</subfield></datafield><datafield ind1=" " ind2="7" tag="651"><subfield code="a">Illinois</subfield><subfield code="z">Lemont.</subfield><subfield code="2">fast</subfield><subfield code="0">(OCoLC)fst01213957</subfield></datafield><datafield ind1=" " ind2="7" tag="651"><subfield code="a">Illinois</subfield><subfield code="z">Lockport.</subfield><subfield code="2">fast</subfield><subfield code="0">(OCoLC)fst01213917</subfield></datafield><datafield ind1=" " ind2=" " tag="752"><subfield code="a">United States</subfield><subfield code="b">Illinois</subfield><subfield code="c">Will</subfield><subfield code="d">Plainfield.</subfield></datafield><datafield ind1=" " ind2=" " tag="752"><subfield code="a">United States</subfield><subfield code="b">Illinois</subfield><subfield code="c">DuPage</subfield><subfield code="d">Naperville.</subfield></datafield><datafield ind1="0" ind2="0" tag="780"><subfield code="t">Town talk and shopper</subfield><subfield code="w">(DLC)sn2003060705</subfield></datafield></record>